%YAML 1.1
%TAG !u! tag:unity3d.com,2011:
--- !u!1 &7970151282454202802
GameObject:
  m_ObjectHideFlags: 0
  m_CorrespondingSourceObject: {fileID: 0}
  m_PrefabInstance: {fileID: 0}
  m_PrefabAsset: {fileID: 0}
  serializedVersion: 6
  m_Component:
  - component: {fileID: 7970151282454202806}
  - component: {fileID: 7970151282454202801}
  - component: {fileID: 7970151282454202800}
  - component: {fileID: 7970151282454202803}
  - component: {fileID: 3042721369803650567}
  m_Layer: 5
  m_Name: LoginCanvas
  m_TagString: Untagged
  m_Icon: {fileID: 0}
  m_NavMeshLayer: 0
  m_StaticEditorFlags: 0
  m_IsActive: 1
--- !u!224 &7970151282454202806
RectTransform:
  m_ObjectHideFlags: 0
  m_CorrespondingSourceObject: {fileID: 0}
  m_PrefabInstance: {fileID: 0}
  m_PrefabAsset: {fileID: 0}
  m_GameObject: {fileID: 7970151282454202802}
  m_LocalRotation: {x: 0, y: 0, z: 0, w: 1}
  m_LocalPosition: {x: 0, y: 0, z: 0}
  m_LocalScale: {x: 0, y: 0, z: 0}
  m_Children:
  - {fileID: 2099977350084272378}
  - {fileID: 1613391396465628491}
  - {fileID: 5315143861113940763}
  - {fileID: 9173043003559686604}
  - {fileID: 8428586642689386700}
  m_Father: {fileID: 0}
  m_RootOrder: 0
  m_LocalEulerAnglesHint: {x: 0, y: 0, z: 0}
  m_AnchorMin: {x: 0, y: 0}
  m_AnchorMax: {x: 0, y: 0}
  m_AnchoredPosition: {x: 0, y: 0}
  m_SizeDelta: {x: 0, y: 0}
  m_Pivot: {x: 0, y: 0}
--- !u!223 &7970151282454202801
Canvas:
  m_ObjectHideFlags: 0
  m_CorrespondingSourceObject: {fileID: 0}
  m_PrefabInstance: {fileID: 0}
  m_PrefabAsset: {fileID: 0}
  m_GameObject: {fileID: 7970151282454202802}
  m_Enabled: 1
  serializedVersion: 3
  m_RenderMode: 0
  m_Camera: {fileID: 0}
  m_PlaneDistance: 100
  m_PixelPerfect: 0
  m_ReceivesEvents: 1
  m_OverrideSorting: 0
  m_OverridePixelPerfect: 0
  m_SortingBucketNormalizedSize: 0
  m_AdditionalShaderChannelsFlag: 25
  m_SortingLayerID: 0
  m_SortingOrder: 0
  m_TargetDisplay: 0
--- !u!114 &7970151282454202800
MonoBehaviour:
  m_ObjectHideFlags: 0
  m_CorrespondingSourceObject: {fileID: 0}
  m_PrefabInstance: {fileID: 0}
  m_PrefabAsset: {fileID: 0}
  m_GameObject: {fileID: 7970151282454202802}
  m_Enabled: 1
  m_EditorHideFlags: 0
  m_Script: {fileID: 11500000, guid: 0cd44c1031e13a943bb63640046fad76, type: 3}
  m_Name: 
  m_EditorClassIdentifier: 
  m_UiScaleMode: 0
  m_ReferencePixelsPerUnit: 100
  m_ScaleFactor: 1
  m_ReferenceResolution: {x: 800, y: 600}
  m_ScreenMatchMode: 0
  m_MatchWidthOrHeight: 0
  m_PhysicalUnit: 3
  m_FallbackScreenDPI: 96
  m_DefaultSpriteDPI: 96
  m_DynamicPixelsPerUnit: 1
  m_PresetInfoIsWorld: 0
--- !u!114 &7970151282454202803
MonoBehaviour:
  m_ObjectHideFlags: 0
  m_CorrespondingSourceObject: {fileID: 0}
  m_PrefabInstance: {fileID: 0}
  m_PrefabAsset: {fileID: 0}
  m_GameObject: {fileID: 7970151282454202802}
  m_Enabled: 1
  m_EditorHideFlags: 0
  m_Script: {fileID: 11500000, guid: dc42784cf147c0c48a680349fa168899, type: 3}
  m_Name: 
  m_EditorClassIdentifier: 
  m_IgnoreReversedGraphics: 1
  m_BlockingObjects: 0
  m_BlockingMask:
    serializedVersion: 2
    m_Bits: 503
--- !u!114 &3042721369803650567
MonoBehaviour:
  m_ObjectHideFlags: 0
  m_CorrespondingSourceObject: {fileID: 0}
  m_PrefabInstance: {fileID: 0}
  m_PrefabAsset: {fileID: 0}
  m_GameObject: {fileID: 7970151282454202802}
  m_Enabled: 1
  m_EditorHideFlags: 0
  m_Script: {fileID: 11500000, guid: 8efa45a84d92492fbf0e93577bdc4d59, type: 3}
  m_Name: 
  m_EditorClassIdentifier: 
  email: {fileID: 7147947846353698003}
  password: {fileID: 6177955301726873092}
--- !u!1001 &3597422827527003064
PrefabInstance:
  m_ObjectHideFlags: 0
  serializedVersion: 2
  m_Modification:
    m_TransformParent: {fileID: 7970151282454202806}
    m_Modifications:
    - target: {fileID: 1449306037605356181, guid: c9718299fce5c4945b992a43f4ab3d7e, type: 3}
      propertyPath: m_Name
      value: Login
      objectReference: {fileID: 0}
    - target: {fileID: 2850628949537558259, guid: c9718299fce5c4945b992a43f4ab3d7e, type: 3}
      propertyPath: m_Pivot.x
      value: 0.5
      objectReference: {fileID: 0}
    - target: {fileID: 2850628949537558259, guid: c9718299fce5c4945b992a43f4ab3d7e, type: 3}
      propertyPath: m_Pivot.y
      value: 0
      objectReference: {fileID: 0}
    - target: {fileID: 2850628949537558259, guid: c9718299fce5c4945b992a43f4ab3d7e, type: 3}
      propertyPath: m_RootOrder
      value: 1
      objectReference: {fileID: 0}
    - target: {fileID: 2850628949537558259, guid: c9718299fce5c4945b992a43f4ab3d7e, type: 3}
      propertyPath: m_AnchorMax.x
      value: 0.5
      objectReference: {fileID: 0}
    - target: {fileID: 2850628949537558259, guid: c9718299fce5c4945b992a43f4ab3d7e, type: 3}
      propertyPath: m_AnchorMax.y
      value: 0
      objectReference: {fileID: 0}
    - target: {fileID: 2850628949537558259, guid: c9718299fce5c4945b992a43f4ab3d7e, type: 3}
      propertyPath: m_AnchorMin.x
      value: 0.5
      objectReference: {fileID: 0}
    - target: {fileID: 2850628949537558259, guid: c9718299fce5c4945b992a43f4ab3d7e, type: 3}
      propertyPath: m_AnchorMin.y
      value: 0
      objectReference: {fileID: 0}
    - target: {fileID: 2850628949537558259, guid: c9718299fce5c4945b992a43f4ab3d7e, type: 3}
      propertyPath: m_SizeDelta.x
      value: 250
      objectReference: {fileID: 0}
    - target: {fileID: 2850628949537558259, guid: c9718299fce5c4945b992a43f4ab3d7e, type: 3}
      propertyPath: m_SizeDelta.y
      value: 60
      objectReference: {fileID: 0}
    - target: {fileID: 2850628949537558259, guid: c9718299fce5c4945b992a43f4ab3d7e, type: 3}
      propertyPath: m_LocalPosition.x
      value: 0
      objectReference: {fileID: 0}
    - target: {fileID: 2850628949537558259, guid: c9718299fce5c4945b992a43f4ab3d7e, type: 3}
      propertyPath: m_LocalPosition.y
      value: 0
      objectReference: {fileID: 0}
    - target: {fileID: 2850628949537558259, guid: c9718299fce5c4945b992a43f4ab3d7e, type: 3}
      propertyPath: m_LocalPosition.z
      value: 0
      objectReference: {fileID: 0}
    - target: {fileID: 2850628949537558259, guid: c9718299fce5c4945b992a43f4ab3d7e, type: 3}
      propertyPath: m_LocalRotation.w
      value: 1
      objectReference: {fileID: 0}
    - target: {fileID: 2850628949537558259, guid: c9718299fce5c4945b992a43f4ab3d7e, type: 3}
      propertyPath: m_LocalRotation.x
      value: 0
      objectReference: {fileID: 0}
    - target: {fileID: 2850628949537558259, guid: c9718299fce5c4945b992a43f4ab3d7e, type: 3}
      propertyPath: m_LocalRotation.y
      value: 0
      objectReference: {fileID: 0}
    - target: {fileID: 2850628949537558259, guid: c9718299fce5c4945b992a43f4ab3d7e, type: 3}
      propertyPath: m_LocalRotation.z
      value: 0
      objectReference: {fileID: 0}
    - target: {fileID: 2850628949537558259, guid: c9718299fce5c4945b992a43f4ab3d7e, type: 3}
      propertyPath: m_AnchoredPosition.x
      value: 0
      objectReference: {fileID: 0}
    - target: {fileID: 2850628949537558259, guid: c9718299fce5c4945b992a43f4ab3d7e, type: 3}
      propertyPath: m_AnchoredPosition.y
      value: 62
      objectReference: {fileID: 0}
    - target: {fileID: 2850628949537558259, guid: c9718299fce5c4945b992a43f4ab3d7e, type: 3}
      propertyPath: m_LocalEulerAnglesHint.x
      value: 0
      objectReference: {fileID: 0}
    - target: {fileID: 2850628949537558259, guid: c9718299fce5c4945b992a43f4ab3d7e, type: 3}
      propertyPath: m_LocalEulerAnglesHint.y
      value: 0
      objectReference: {fileID: 0}
    - target: {fileID: 2850628949537558259, guid: c9718299fce5c4945b992a43f4ab3d7e, type: 3}
      propertyPath: m_LocalEulerAnglesHint.z
      value: 0
      objectReference: {fileID: 0}
    - target: {fileID: 4091917406710150696, guid: c9718299fce5c4945b992a43f4ab3d7e, type: 3}
      propertyPath: m_OnClick.m_PersistentCalls.m_Calls.Array.size
      value: 1
      objectReference: {fileID: 0}
    - target: {fileID: 4091917406710150696, guid: c9718299fce5c4945b992a43f4ab3d7e, type: 3}
      propertyPath: m_OnClick.m_PersistentCalls.m_Calls.Array.data[0].m_Mode
      value: 1
      objectReference: {fileID: 0}
    - target: {fileID: 4091917406710150696, guid: c9718299fce5c4945b992a43f4ab3d7e, type: 3}
      propertyPath: m_OnClick.m_PersistentCalls.m_Calls.Array.data[0].m_Target
      value: 
      objectReference: {fileID: 3042721369803650567}
    - target: {fileID: 4091917406710150696, guid: c9718299fce5c4945b992a43f4ab3d7e, type: 3}
      propertyPath: m_OnClick.m_PersistentCalls.m_Calls.Array.data[0].m_CallState
      value: 2
      objectReference: {fileID: 0}
    - target: {fileID: 4091917406710150696, guid: c9718299fce5c4945b992a43f4ab3d7e, type: 3}
      propertyPath: m_OnClick.m_PersistentCalls.m_Calls.Array.data[0].m_MethodName
      value: ClickLoginButton
      objectReference: {fileID: 0}
    - target: {fileID: 4091917406710150696, guid: c9718299fce5c4945b992a43f4ab3d7e, type: 3}
      propertyPath: m_OnClick.m_PersistentCalls.m_Calls.Array.data[0].m_TargetAssemblyTypeName
      value: ZombieShooter.UserInterface.Login.LoginCanvas, Assembly-CSharp
      objectReference: {fileID: 0}
    - target: {fileID: 4091917406710150696, guid: c9718299fce5c4945b992a43f4ab3d7e, type: 3}
      propertyPath: m_OnClick.m_PersistentCalls.m_Calls.Array.data[0].m_Arguments.m_ObjectArgumentAssemblyTypeName
      value: UnityEngine.Object, UnityEngine
      objectReference: {fileID: 0}
    m_RemovedComponents: []
  m_SourcePrefab: {fileID: 100100000, guid: c9718299fce5c4945b992a43f4ab3d7e, type: 3}
--- !u!224 &1613391396465628491 stripped
RectTransform:
  m_CorrespondingSourceObject: {fileID: 2850628949537558259, guid: c9718299fce5c4945b992a43f4ab3d7e, type: 3}
  m_PrefabInstance: {fileID: 3597422827527003064}
  m_PrefabAsset: {fileID: 0}
--- !u!1001 &4782857293821221544
PrefabInstance:
  m_ObjectHideFlags: 0
  serializedVersion: 2
  m_Modification:
    m_TransformParent: {fileID: 7970151282454202806}
    m_Modifications:
    - target: {fileID: 879915973490722444, guid: db4cf9e76dcde784d912c94aa3192637, type: 3}
      propertyPath: m_Name
      value: BackgroundImage
      objectReference: {fileID: 0}
    - target: {fileID: 6864753672865856082, guid: db4cf9e76dcde784d912c94aa3192637, type: 3}
      propertyPath: m_Pivot.x
      value: 0.5
      objectReference: {fileID: 0}
    - target: {fileID: 6864753672865856082, guid: db4cf9e76dcde784d912c94aa3192637, type: 3}
      propertyPath: m_Pivot.y
      value: 0.5
      objectReference: {fileID: 0}
    - target: {fileID: 6864753672865856082, guid: db4cf9e76dcde784d912c94aa3192637, type: 3}
      propertyPath: m_RootOrder
      value: 0
      objectReference: {fileID: 0}
    - target: {fileID: 6864753672865856082, guid: db4cf9e76dcde784d912c94aa3192637, type: 3}
      propertyPath: m_AnchorMax.x
      value: 1
      objectReference: {fileID: 0}
    - target: {fileID: 6864753672865856082, guid: db4cf9e76dcde784d912c94aa3192637, type: 3}
      propertyPath: m_AnchorMax.y
      value: 1
      objectReference: {fileID: 0}
    - target: {fileID: 6864753672865856082, guid: db4cf9e76dcde784d912c94aa3192637, type: 3}
      propertyPath: m_AnchorMin.x
      value: 0
      objectReference: {fileID: 0}
    - target: {fileID: 6864753672865856082, guid: db4cf9e76dcde784d912c94aa3192637, type: 3}
      propertyPath: m_AnchorMin.y
      value: 0
      objectReference: {fileID: 0}
    - target: {fileID: 6864753672865856082, guid: db4cf9e76dcde784d912c94aa3192637, type: 3}
      propertyPath: m_SizeDelta.x
      value: 0
      objectReference: {fileID: 0}
    - target: {fileID: 6864753672865856082, guid: db4cf9e76dcde784d912c94aa3192637, type: 3}
      propertyPath: m_SizeDelta.y
      value: 0
      objectReference: {fileID: 0}
    - target: {fileID: 6864753672865856082, guid: db4cf9e76dcde784d912c94aa3192637, type: 3}
      propertyPath: m_LocalPosition.x
      value: 0
      objectReference: {fileID: 0}
    - target: {fileID: 6864753672865856082, guid: db4cf9e76dcde784d912c94aa3192637, type: 3}
      propertyPath: m_LocalPosition.y
      value: 0
      objectReference: {fileID: 0}
    - target: {fileID: 6864753672865856082, guid: db4cf9e76dcde784d912c94aa3192637, type: 3}
      propertyPath: m_LocalPosition.z
      value: 0
      objectReference: {fileID: 0}
    - target: {fileID: 6864753672865856082, guid: db4cf9e76dcde784d912c94aa3192637, type: 3}
      propertyPath: m_LocalRotation.w
      value: 1
      objectReference: {fileID: 0}
    - target: {fileID: 6864753672865856082, guid: db4cf9e76dcde784d912c94aa3192637, type: 3}
      propertyPath: m_LocalRotation.x
      value: 0
      objectReference: {fileID: 0}
    - target: {fileID: 6864753672865856082, guid: db4cf9e76dcde784d912c94aa3192637, type: 3}
      propertyPath: m_LocalRotation.y
      value: 0
      objectReference: {fileID: 0}
    - target: {fileID: 6864753672865856082, guid: db4cf9e76dcde784d912c94aa3192637, type: 3}
      propertyPath: m_LocalRotation.z
      value: 0
      objectReference: {fileID: 0}
    - target: {fileID: 6864753672865856082, guid: db4cf9e76dcde784d912c94aa3192637, type: 3}
      propertyPath: m_AnchoredPosition.x
      value: 0
      objectReference: {fileID: 0}
    - target: {fileID: 6864753672865856082, guid: db4cf9e76dcde784d912c94aa3192637, type: 3}
      propertyPath: m_AnchoredPosition.y
      value: 0
      objectReference: {fileID: 0}
    - target: {fileID: 6864753672865856082, guid: db4cf9e76dcde784d912c94aa3192637, type: 3}
      propertyPath: m_LocalEulerAnglesHint.x
      value: 0
      objectReference: {fileID: 0}
    - target: {fileID: 6864753672865856082, guid: db4cf9e76dcde784d912c94aa3192637, type: 3}
      propertyPath: m_LocalEulerAnglesHint.y
      value: 0
      objectReference: {fileID: 0}
    - target: {fileID: 6864753672865856082, guid: db4cf9e76dcde784d912c94aa3192637, type: 3}
      propertyPath: m_LocalEulerAnglesHint.z
      value: 0
      objectReference: {fileID: 0}
    m_RemovedComponents: []
  m_SourcePrefab: {fileID: 100100000, guid: db4cf9e76dcde784d912c94aa3192637, type: 3}
--- !u!224 &2099977350084272378 stripped
RectTransform:
  m_CorrespondingSourceObject: {fileID: 6864753672865856082, guid: db4cf9e76dcde784d912c94aa3192637, type: 3}
  m_PrefabInstance: {fileID: 4782857293821221544}
  m_PrefabAsset: {fileID: 0}
--- !u!1001 &6424287040423329417
PrefabInstance:
  m_ObjectHideFlags: 0
  serializedVersion: 2
  m_Modification:
    m_TransformParent: {fileID: 7970151282454202806}
    m_Modifications:
    - target: {fileID: 2768188767182081861, guid: 2a557971e3b91a84791809b96c005263, type: 3}
      propertyPath: m_Pivot.x
      value: 0.5
      objectReference: {fileID: 0}
    - target: {fileID: 2768188767182081861, guid: 2a557971e3b91a84791809b96c005263, type: 3}
      propertyPath: m_Pivot.y
      value: 0
      objectReference: {fileID: 0}
    - target: {fileID: 2768188767182081861, guid: 2a557971e3b91a84791809b96c005263, type: 3}
      propertyPath: m_RootOrder
      value: 3
      objectReference: {fileID: 0}
    - target: {fileID: 2768188767182081861, guid: 2a557971e3b91a84791809b96c005263, type: 3}
      propertyPath: m_AnchorMax.x
      value: 0.5
      objectReference: {fileID: 0}
    - target: {fileID: 2768188767182081861, guid: 2a557971e3b91a84791809b96c005263, type: 3}
      propertyPath: m_AnchorMax.y
      value: 0
      objectReference: {fileID: 0}
    - target: {fileID: 2768188767182081861, guid: 2a557971e3b91a84791809b96c005263, type: 3}
      propertyPath: m_AnchorMin.x
      value: 0.5
      objectReference: {fileID: 0}
    - target: {fileID: 2768188767182081861, guid: 2a557971e3b91a84791809b96c005263, type: 3}
      propertyPath: m_AnchorMin.y
      value: 0
      objectReference: {fileID: 0}
    - target: {fileID: 2768188767182081861, guid: 2a557971e3b91a84791809b96c005263, type: 3}
      propertyPath: m_SizeDelta.x
      value: 570.6842
      objectReference: {fileID: 0}
    - target: {fileID: 2768188767182081861, guid: 2a557971e3b91a84791809b96c005263, type: 3}
      propertyPath: m_SizeDelta.y
      value: 58.744812
      objectReference: {fileID: 0}
    - target: {fileID: 2768188767182081861, guid: 2a557971e3b91a84791809b96c005263, type: 3}
      propertyPath: m_LocalPosition.x
      value: 0
      objectReference: {fileID: 0}
    - target: {fileID: 2768188767182081861, guid: 2a557971e3b91a84791809b96c005263, type: 3}
      propertyPath: m_LocalPosition.y
      value: 0
      objectReference: {fileID: 0}
    - target: {fileID: 2768188767182081861, guid: 2a557971e3b91a84791809b96c005263, type: 3}
      propertyPath: m_LocalPosition.z
      value: 0
      objectReference: {fileID: 0}
    - target: {fileID: 2768188767182081861, guid: 2a557971e3b91a84791809b96c005263, type: 3}
      propertyPath: m_LocalRotation.w
      value: 1
      objectReference: {fileID: 0}
    - target: {fileID: 2768188767182081861, guid: 2a557971e3b91a84791809b96c005263, type: 3}
      propertyPath: m_LocalRotation.x
      value: 0
      objectReference: {fileID: 0}
    - target: {fileID: 2768188767182081861, guid: 2a557971e3b91a84791809b96c005263, type: 3}
      propertyPath: m_LocalRotation.y
      value: 0
      objectReference: {fileID: 0}
    - target: {fileID: 2768188767182081861, guid: 2a557971e3b91a84791809b96c005263, type: 3}
      propertyPath: m_LocalRotation.z
      value: 0
      objectReference: {fileID: 0}
    - target: {fileID: 2768188767182081861, guid: 2a557971e3b91a84791809b96c005263, type: 3}
      propertyPath: m_AnchoredPosition.x
      value: 0
      objectReference: {fileID: 0}
    - target: {fileID: 2768188767182081861, guid: 2a557971e3b91a84791809b96c005263, type: 3}
      propertyPath: m_AnchoredPosition.y
      value: 150
      objectReference: {fileID: 0}
    - target: {fileID: 2768188767182081861, guid: 2a557971e3b91a84791809b96c005263, type: 3}
      propertyPath: m_LocalEulerAnglesHint.x
      value: 0
      objectReference: {fileID: 0}
    - target: {fileID: 2768188767182081861, guid: 2a557971e3b91a84791809b96c005263, type: 3}
      propertyPath: m_LocalEulerAnglesHint.y
      value: 0
      objectReference: {fileID: 0}
    - target: {fileID: 2768188767182081861, guid: 2a557971e3b91a84791809b96c005263, type: 3}
      propertyPath: m_LocalEulerAnglesHint.z
      value: 0
      objectReference: {fileID: 0}
    - target: {fileID: 5380466331727086635, guid: 2a557971e3b91a84791809b96c005263, type: 3}
      propertyPath: m_Name
      value: Password
      objectReference: {fileID: 0}
    m_RemovedComponents: []
  m_SourcePrefab: {fileID: 100100000, guid: 2a557971e3b91a84791809b96c005263, type: 3}
--- !u!224 &9173043003559686604 stripped
RectTransform:
  m_CorrespondingSourceObject: {fileID: 2768188767182081861, guid: 2a557971e3b91a84791809b96c005263, type: 3}
  m_PrefabInstance: {fileID: 6424287040423329417}
  m_PrefabAsset: {fileID: 0}
--- !u!114 &6177955301726873092 stripped
MonoBehaviour:
  m_CorrespondingSourceObject: {fileID: 908362201272162445, guid: 2a557971e3b91a84791809b96c005263, type: 3}
  m_PrefabInstance: {fileID: 6424287040423329417}
  m_PrefabAsset: {fileID: 0}
  m_GameObject: {fileID: 0}
  m_Enabled: 1
  m_EditorHideFlags: 0
  m_Script: {fileID: 11500000, guid: 2da0c512f12947e489f739169773d7ca, type: 3}
  m_Name: 
  m_EditorClassIdentifier: 
--- !u!1001 &7252007008728673876
PrefabInstance:
  m_ObjectHideFlags: 0
  serializedVersion: 2
  m_Modification:
    m_TransformParent: {fileID: 7970151282454202806}
    m_Modifications:
    - target: {fileID: 3271692359194182991, guid: b3efa67d82a6cff42a41af95b805efd5, type: 3}
      propertyPath: m_Pivot.x
      value: 0.5
      objectReference: {fileID: 0}
    - target: {fileID: 3271692359194182991, guid: b3efa67d82a6cff42a41af95b805efd5, type: 3}
      propertyPath: m_Pivot.y
      value: 0
      objectReference: {fileID: 0}
    - target: {fileID: 3271692359194182991, guid: b3efa67d82a6cff42a41af95b805efd5, type: 3}
      propertyPath: m_RootOrder
      value: 2
      objectReference: {fileID: 0}
    - target: {fileID: 3271692359194182991, guid: b3efa67d82a6cff42a41af95b805efd5, type: 3}
      propertyPath: m_AnchorMax.x
      value: 0.5
      objectReference: {fileID: 0}
    - target: {fileID: 3271692359194182991, guid: b3efa67d82a6cff42a41af95b805efd5, type: 3}
      propertyPath: m_AnchorMax.y
      value: 0
      objectReference: {fileID: 0}
    - target: {fileID: 3271692359194182991, guid: b3efa67d82a6cff42a41af95b805efd5, type: 3}
      propertyPath: m_AnchorMin.x
      value: 0.5
      objectReference: {fileID: 0}
    - target: {fileID: 3271692359194182991, guid: b3efa67d82a6cff42a41af95b805efd5, type: 3}
      propertyPath: m_AnchorMin.y
      value: 0
      objectReference: {fileID: 0}
    - target: {fileID: 3271692359194182991, guid: b3efa67d82a6cff42a41af95b805efd5, type: 3}
      propertyPath: m_SizeDelta.x
      value: 570.6842
      objectReference: {fileID: 0}
    - target: {fileID: 3271692359194182991, guid: b3efa67d82a6cff42a41af95b805efd5, type: 3}
      propertyPath: m_SizeDelta.y
      value: 58.744812
      objectReference: {fileID: 0}
    - target: {fileID: 3271692359194182991, guid: b3efa67d82a6cff42a41af95b805efd5, type: 3}
      propertyPath: m_LocalPosition.x
      value: 0
      objectReference: {fileID: 0}
    - target: {fileID: 3271692359194182991, guid: b3efa67d82a6cff42a41af95b805efd5, type: 3}
      propertyPath: m_LocalPosition.y
      value: 0
      objectReference: {fileID: 0}
    - target: {fileID: 3271692359194182991, guid: b3efa67d82a6cff42a41af95b805efd5, type: 3}
      propertyPath: m_LocalPosition.z
      value: 0
      objectReference: {fileID: 0}
    - target: {fileID: 3271692359194182991, guid: b3efa67d82a6cff42a41af95b805efd5, type: 3}
      propertyPath: m_LocalRotation.w
      value: 1
      objectReference: {fileID: 0}
    - target: {fileID: 3271692359194182991, guid: b3efa67d82a6cff42a41af95b805efd5, type: 3}
      propertyPath: m_LocalRotation.x
      value: 0
      objectReference: {fileID: 0}
    - target: {fileID: 3271692359194182991, guid: b3efa67d82a6cff42a41af95b805efd5, type: 3}
      propertyPath: m_LocalRotation.y
      value: 0
      objectReference: {fileID: 0}
    - target: {fileID: 3271692359194182991, guid: b3efa67d82a6cff42a41af95b805efd5, type: 3}
      propertyPath: m_LocalRotation.z
      value: 0
      objectReference: {fileID: 0}
    - target: {fileID: 3271692359194182991, guid: b3efa67d82a6cff42a41af95b805efd5, type: 3}
      propertyPath: m_AnchoredPosition.x
      value: 0
      objectReference: {fileID: 0}
    - target: {fileID: 3271692359194182991, guid: b3efa67d82a6cff42a41af95b805efd5, type: 3}
      propertyPath: m_AnchoredPosition.y
      value: 227
      objectReference: {fileID: 0}
    - target: {fileID: 3271692359194182991, guid: b3efa67d82a6cff42a41af95b805efd5, type: 3}
      propertyPath: m_LocalEulerAnglesHint.x
      value: 0
      objectReference: {fileID: 0}
    - target: {fileID: 3271692359194182991, guid: b3efa67d82a6cff42a41af95b805efd5, type: 3}
      propertyPath: m_LocalEulerAnglesHint.y
      value: 0
      objectReference: {fileID: 0}
    - target: {fileID: 3271692359194182991, guid: b3efa67d82a6cff42a41af95b805efd5, type: 3}
      propertyPath: m_LocalEulerAnglesHint.z
      value: 0
      objectReference: {fileID: 0}
    - target: {fileID: 4730668872841465377, guid: b3efa67d82a6cff42a41af95b805efd5, type: 3}
      propertyPath: m_Name
      value: Email
      objectReference: {fileID: 0}
    m_RemovedComponents: []
  m_SourcePrefab: {fileID: 100100000, guid: b3efa67d82a6cff42a41af95b805efd5, type: 3}
--- !u!224 &5315143861113940763 stripped
RectTransform:
  m_CorrespondingSourceObject: {fileID: 3271692359194182991, guid: b3efa67d82a6cff42a41af95b805efd5, type: 3}
  m_PrefabInstance: {fileID: 7252007008728673876}
  m_PrefabAsset: {fileID: 0}
--- !u!114 &7147947846353698003 stripped
MonoBehaviour:
  m_CorrespondingSourceObject: {fileID: 546854487260942983, guid: b3efa67d82a6cff42a41af95b805efd5, type: 3}
  m_PrefabInstance: {fileID: 7252007008728673876}
  m_PrefabAsset: {fileID: 0}
  m_GameObject: {fileID: 0}
  m_Enabled: 1
  m_EditorHideFlags: 0
  m_Script: {fileID: 11500000, guid: 2da0c512f12947e489f739169773d7ca, type: 3}
  m_Name: 
  m_EditorClassIdentifier: 
--- !u!1001 &7376639126556692136
PrefabInstance:
  m_ObjectHideFlags: 0
  serializedVersion: 2
  m_Modification:
    m_TransformParent: {fileID: 7970151282454202806}
    m_Modifications:
    - target: {fileID: 1000170788648722111, guid: 0c633f41d4583a14e8e062dd29c6ce41, type: 3}
      propertyPath: m_OnClick.m_PersistentCalls.m_Calls.Array.size
      value: 1
      objectReference: {fileID: 0}
    - target: {fileID: 1000170788648722111, guid: 0c633f41d4583a14e8e062dd29c6ce41, type: 3}
      propertyPath: m_OnClick.m_PersistentCalls.m_Calls.Array.data[0].m_Mode
      value: 1
      objectReference: {fileID: 0}
    - target: {fileID: 1000170788648722111, guid: 0c633f41d4583a14e8e062dd29c6ce41, type: 3}
      propertyPath: m_OnClick.m_PersistentCalls.m_Calls.Array.data[0].m_Target
      value: 
      objectReference: {fileID: 3042721369803650567}
    - target: {fileID: 1000170788648722111, guid: 0c633f41d4583a14e8e062dd29c6ce41, type: 3}
      propertyPath: m_OnClick.m_PersistentCalls.m_Calls.Array.data[0].m_CallState
      value: 2
      objectReference: {fileID: 0}
    - target: {fileID: 1000170788648722111, guid: 0c633f41d4583a14e8e062dd29c6ce41, type: 3}
      propertyPath: m_OnClick.m_PersistentCalls.m_Calls.Array.data[0].m_MethodName
      value: ClickNotRegisteredButtonClick
      objectReference: {fileID: 0}
    - target: {fileID: 1000170788648722111, guid: 0c633f41d4583a14e8e062dd29c6ce41, type: 3}
      propertyPath: m_OnClick.m_PersistentCalls.m_Calls.Array.data[0].m_TargetAssemblyTypeName
      value: ZombieShooter.UserInterface.Login.LoginCanvas, Assembly-CSharp
      objectReference: {fileID: 0}
    - target: {fileID: 1000170788648722111, guid: 0c633f41d4583a14e8e062dd29c6ce41, type: 3}
      propertyPath: m_OnClick.m_PersistentCalls.m_Calls.Array.data[0].m_Arguments.m_ObjectArgumentAssemblyTypeName
      value: UnityEngine.Object, UnityEngine
      objectReference: {fileID: 0}
    - target: {fileID: 1344127499200800356, guid: 0c633f41d4583a14e8e062dd29c6ce41, type: 3}
      propertyPath: m_Pivot.x
      value: 0.5
      objectReference: {fileID: 0}
    - target: {fileID: 1344127499200800356, guid: 0c633f41d4583a14e8e062dd29c6ce41, type: 3}
      propertyPath: m_Pivot.y
      value: 0
      objectReference: {fileID: 0}
    - target: {fileID: 1344127499200800356, guid: 0c633f41d4583a14e8e062dd29c6ce41, type: 3}
      propertyPath: m_RootOrder
      value: 4
      objectReference: {fileID: 0}
    - target: {fileID: 1344127499200800356, guid: 0c633f41d4583a14e8e062dd29c6ce41, type: 3}
      propertyPath: m_AnchorMax.x
      value: 0.5
      objectReference: {fileID: 0}
    - target: {fileID: 1344127499200800356, guid: 0c633f41d4583a14e8e062dd29c6ce41, type: 3}
      propertyPath: m_AnchorMax.y
      value: 0
      objectReference: {fileID: 0}
    - target: {fileID: 1344127499200800356, guid: 0c633f41d4583a14e8e062dd29c6ce41, type: 3}
      propertyPath: m_AnchorMin.x
      value: 0.5
      objectReference: {fileID: 0}
    - target: {fileID: 1344127499200800356, guid: 0c633f41d4583a14e8e062dd29c6ce41, type: 3}
      propertyPath: m_AnchorMin.y
      value: 0
      objectReference: {fileID: 0}
    - target: {fileID: 1344127499200800356, guid: 0c633f41d4583a14e8e062dd29c6ce41, type: 3}
      propertyPath: m_SizeDelta.x
      value: 250
      objectReference: {fileID: 0}
    - target: {fileID: 1344127499200800356, guid: 0c633f41d4583a14e8e062dd29c6ce41, type: 3}
      propertyPath: m_SizeDelta.y
      value: 60
      objectReference: {fileID: 0}
    - target: {fileID: 1344127499200800356, guid: 0c633f41d4583a14e8e062dd29c6ce41, type: 3}
      propertyPath: m_LocalPosition.x
      value: 0
      objectReference: {fileID: 0}
    - target: {fileID: 1344127499200800356, guid: 0c633f41d4583a14e8e062dd29c6ce41, type: 3}
      propertyPath: m_LocalPosition.y
      value: 0
      objectReference: {fileID: 0}
    - target: {fileID: 1344127499200800356, guid: 0c633f41d4583a14e8e062dd29c6ce41, type: 3}
      propertyPath: m_LocalPosition.z
      value: 0
      objectReference: {fileID: 0}
    - target: {fileID: 1344127499200800356, guid: 0c633f41d4583a14e8e062dd29c6ce41, type: 3}
      propertyPath: m_LocalRotation.w
      value: 1
      objectReference: {fileID: 0}
    - target: {fileID: 1344127499200800356, guid: 0c633f41d4583a14e8e062dd29c6ce41, type: 3}
      propertyPath: m_LocalRotation.x
      value: 0
      objectReference: {fileID: 0}
    - target: {fileID: 1344127499200800356, guid: 0c633f41d4583a14e8e062dd29c6ce41, type: 3}
      propertyPath: m_LocalRotation.y
      value: 0
      objectReference: {fileID: 0}
    - target: {fileID: 1344127499200800356, guid: 0c633f41d4583a14e8e062dd29c6ce41, type: 3}
      propertyPath: m_LocalRotation.z
      value: 0
      objectReference: {fileID: 0}
    - target: {fileID: 1344127499200800356, guid: 0c633f41d4583a14e8e062dd29c6ce41, type: 3}
      propertyPath: m_AnchoredPosition.x
      value: 0
      objectReference: {fileID: 0}
    - target: {fileID: 1344127499200800356, guid: 0c633f41d4583a14e8e062dd29c6ce41, type: 3}
      propertyPath: m_AnchoredPosition.y
      value: 0
      objectReference: {fileID: 0}
    - target: {fileID: 1344127499200800356, guid: 0c633f41d4583a14e8e062dd29c6ce41, type: 3}
      propertyPath: m_LocalEulerAnglesHint.x
      value: 0
      objectReference: {fileID: 0}
    - target: {fileID: 1344127499200800356, guid: 0c633f41d4583a14e8e062dd29c6ce41, type: 3}
      propertyPath: m_LocalEulerAnglesHint.y
      value: 0
      objectReference: {fileID: 0}
    - target: {fileID: 1344127499200800356, guid: 0c633f41d4583a14e8e062dd29c6ce41, type: 3}
      propertyPath: m_LocalEulerAnglesHint.z
      value: 0
      objectReference: {fileID: 0}
    - target: {fileID: 2392751786253941250, guid: 0c633f41d4583a14e8e062dd29c6ce41, type: 3}
      propertyPath: m_Name
      value: NotRegistered
      objectReference: {fileID: 0}
    m_RemovedComponents: []
  m_SourcePrefab: {fileID: 100100000, guid: 0c633f41d4583a14e8e062dd29c6ce41, type: 3}
--- !u!224 &8428586642689386700 stripped
RectTransform:
  m_CorrespondingSourceObject: {fileID: 1344127499200800356, guid: 0c633f41d4583a14e8e062dd29c6ce41, type: 3}
  m_PrefabInstance: {fileID: 7376639126556692136}
  m_PrefabAsset: {fileID: 0}
